@phdthesis{cic-hat-minus,
  TITLE = {{On type-based termination and dependent pattern matching in the calculus of inductive constructions}},
  AUTHOR = {Sacchini, Jorge Luis},
  URL = {https://pastel.archives-ouvertes.fr/pastel-00622429},
  NUMBER = {2011ENMP0022},
  SCHOOL = {{{\'E}cole Nationale Sup{\'e}rieure des Mines de Paris}},
  YEAR = {2011},
  MONTH = Jun,
  KEYWORDS = {Type-based termination ; d{\'e}pendent types ; pattern matching ; calculus of inductive constructions ; Terminaison bas{\'e}e sur les types ; types d{\'e}pendants ; filtrage par motifs ; calcul des constructions inductives},
  TYPE = {Theses},
  PDF = {https://pastel.archives-ouvertes.fr/pastel-00622429/file/21076_SACCHINI_2011_archivage.pdf},
  HAL_ID = {pastel-00622429},
  HAL_VERSION = {v1},
}


@inproceedings{cic-hat,
   Author = {Barthe, Gilles and Gr\'egoire, Benjamin and Pastawski, Fernando},
   Editor = {{Hermann, M and Voronkov, A}},
   title = {{CIC$\widehat{~}$ : Type-Based Termination of Recursive Definitions in the Calculus of Inductive Constructions}},
   Booktitle = {{Logic for Programming, Artificial Intelligence, and Reasoning,
      Proceedings}},
   Series = {{Lecture Notes in Artificial Intelligence}},
   Year = {{2006}},
   Volume = {{4246}},
   Pages = {{257-271}},
   Publisher = {{Springer-Verlag Berlin}},
   Address = {{Heidelberger Platz 3, D-14197 Berlin, Germany}},
   Type = {{Proceedings Paper}},
   Language = {{English}},
   Affiliation = {{Barthe, G (Reprint Author), INRIA, Sophia Antipolis, France.
      INRIA, Sophia Antipolis, France.
      Univ Nacl Cordoba, FaMAF, RA-5000 Cordoba, Argentina.}},
   DOI = {10.1007/11916277\_18},
   ISSN = {{0302-9743}},
   ISBN = {{3-540-48281-4}}
}

@inproceedings{f-hat,
   Author = {Barthe, Gilles and Gr\'egoire, Benjamin and Pastawski, Fernando},
   Editor = {{Urzyczyn, P}},
   Title = {{Practical inference for type-based termination in a polymorphic setting}},
   Booktitle = {{Typed Lambda Calculi and Applications}},
   Series = {{Lecture Notes in Computer Science}},
   Year = {{2005}},
   Volume = {{3461}},
   Pages = {{71-85}},
   Publisher = {{Springer-Verlag Berlin}},
   Address = {{Heidelberger Platz 3, D-14197 Berlin, Germany}},
   Type = {{Article; Proceedings Paper}},
   Language = {{English}},
   Affiliation = {{Univ Nacl Cordoba, FaMAF, RA-5000 Cordoba, Argentina.}},
   DOI = {10.1007/11417170_7},
   ISSN = {{0302-9743}},
   ISBN = {{3-540-25593-1}}
}

@inproceedings{cic-hat-l,
   Author = {Sacchini, Jorge Luis},
   Editor = {{Codish, M and Sumii, E}},
   Title = {{Linear Sized Types in the Calculus of Constructions}},
   Booktitle = {{Functional and Logic Programming, FLOPS 2014}},
   Series = {{Lecture Notes in Computer Science}},
   Year = {{2014}},
   Volume = {{8475}},
   Pages = {{169-185}},
   Publisher = {{Springer-Verlag Berlin}},
   Address = {{Heidelberger Platz 3, D-14197 Berlin, Germany}},
   Type = {{Proceedings Paper}},
   Language = {{English}},
   Affiliation = {{Sacchini, JL (Reprint Author), Carnegie Mellon Univ, Pittsburgh, PA 15213 USA.
      Carnegie Mellon Univ, Pittsburgh, PA 15213 USA.}},
   DOI = {10.1007/978-3-319-07151-0_11},
   ISSN = {{0302-9743}},
   EISSN = {{1611-3349}},
   ISBN = {{978-3-319-07151-0; 978-3-319-07150-3}}
}

@inproceedings{cc-hat-omega,
   Author = {Sacchini, Jorge Luis},
   Book-Group-Author = {{IEEE Comp Soc}},
   Title = {{Type-Based Productivity of Stream Definitions in the Calculus of
      Constructions}},
   Booktitle = {{2013 28TH Annual IEEE/ACM Symposium on Logic in Computer Science (LICS)}},
   Series = {{IEEE Symposium on Logic in Computer Science}},
   Year = {{2013}},
   Pages = {{233-242}},
   Publisher = {{IEEE}},
   Address = {{345 E 47th St., New York, NY 10017 USA}},
   Type = {{Proceedings Paper}},
   Language = {{English}},
   Affiliation = {{Sacchini, JL (Reprint Author), Carnegie Mellon Univ, Doha, Qatar.
      Carnegie Mellon Univ, Doha, Qatar.}},
   DOI = {10.1109/LICS.2013.29},
   ISSN = {{1043-6871}},
   ISBN = {{978-1-4799-0413-6}}
}

@software{coq,
  author       = {{The Coq Development Team}},
  title        = {The Coq Proof Assistant, version 8.11.0},
  month        = jan,
  year         = 2020,
  publisher    = {Zenodo},
  version      = {8.11.0},
  doi          = {10.5281/zenodo.3744225},
  url          = {https://doi.org/10.5281/zenodo.3744225}
}

@unpublished{wellfounded,
   title  = {{Well-Founded Sized Types in the Calculus of (Co)Inductive Constructions}},
   author = {Sacchini, Jorge Luis},
   year   = {2015},
   url    = {https://web.archive.org/web/20160606143713/http://www.qatar.cmu.edu/~sacchini/well-founded/well-founded.pdf},
   note   = {Unpublished paper}
}

@Inbook{ptsdef,
   author="Kamareddine, Fairouz and Laan, Twan and Nederpelt, Rob",
   title="Pure Type Systems with definitions",
   bookTitle="A Modern Perspective on Type Theory: From its Origins until Today",
   year="2005",
   publisher="Springer Netherlands",
   address="Dordrecht",
   pages="233--241",
   isbn="978-1-4020-2335-4",
   doi="10.1007/1-4020-2335-9_9",
   url="https://doi.org/10.1007/1-4020-2335-9_9"
}

@article{miniagda,
   title={{MiniAgda: Integrating Sized and Dependent Types}},
   volume={43},
   ISSN={2075-2180},
   url={http://dx.doi.org/10.4204/EPTCS.43.2},
   DOI={10.4204/eptcs.43.2},
   journal={Electronic Proceedings in Theoretical Computer Science},
   publisher={Open Publishing Association},
   author={Abel, Andreas},
   year={2010},
   month={Dec},
   pages={14--28}
}

@article{miniagda2,
   title={{Type-Based Termination, Inflationary Fixed-Points, and Mixed Inductive-Coinductive Types}},
   volume={77},
   ISSN={2075-2180},
   url={http://dx.doi.org/10.4204/EPTCS.77.1},
   DOI={10.4204/eptcs.77.1},
   journal={Electronic Proceedings in Theoretical Computer Science},
   publisher={Open Publishing Association},
   author={Abel, Andreas},
   year={2012},
   month={Feb},
   pages={1--11}
}

@software{impl,
  author       = {{The Coq Development Team} and Chan, Jonathan},
  title        = {{ionathanch/coq: Practical Sized Typing for Coq (POPL 2021)}},
  month        = jul,
  year         = 2020,
  publisher    = {Zenodo},
  version      = {V8.12+sized},
  doi          = {10.5281/zenodo.3937941},
  url          = {https://doi.org/10.5281/zenodo.3937941}
}

@software{cicminus,
  author       = {Sacchini, Jorge Luis},
  title        = {jsacchini/cicminus},
  month        = feb,
  year         = 2015,
  publisher    = {Zenodo},
  doi          = {10.5281/zenodo.3928999},
  url          = {https://doi.org/10.5281/zenodo.3928999}
}

@article{takahashitrans,
  author = {Komori, Yuichi and Matsuda, Naosuke and Yamakawa, Fumika},
  title = {A Simplified Proof of the Church---Rosser Theorem},
  year = {2014},
  issue_date = {February  2014},
  publisher = {Springer-Verlag},
  address = {Berlin, Heidelberg},
  volume = {102},
  number = {1},
  issn = {0039-3215},
  url = {https://doi.org/10.1007/s11225-013-9470-y},
  doi = {10.1007/s11225-013-9470-y},
  journal = {Stud. Log.},
  month = feb,
  pages = {175–183},
  numpages = {9},
  keywords = {Parallel reduction, Takahashi translation, Church---Rosser theorem, Confluence theorem, λ-Calculus}
}

@article{sizeirrelevance,
  author = {Abel, Andreas and Vezzosi, Andrea and Winterhalter, Theo},
  title = {Normalization by Evaluation for Sized Dependent Types},
  year = {2017},
  issue_date = {September 2017},
  publisher = {Association for Computing Machinery},
  address = {New York, NY, USA},
  volume = {1},
  number = {ICFP},
  url = {https://doi.org/10.1145/3110277},
  doi = {10.1145/3110277},
  journal = {Proc. ACM Program. Lang.},
  month = aug,
  articleno = {33},
  numpages = {30},
  keywords = {eta-equality, dependent types, universes, subtyping, sized types, proof irrelevance, normalization-by-evaluation}
}

@techreport{lambda-set-pts,
  TITLE = {{A Generic Normalisation Proof for Pure Type Systems}},
  AUTHOR = {Melli{\`e}s, Paul-Andr{\'e} and Werner, Benjamin},
  URL = {https://hal.inria.fr/inria-00073135},
  NOTE = {Projet COQ},
  TYPE = {Research Report},
  NUMBER = {RR-3548},
  INSTITUTION = {{INRIA}},
  YEAR = {1998},
  KEYWORDS = {TYPE THEORY ; LAMBDA-CALCULUS ; NORMALIZATION},
  PDF = {https://hal.inria.fr/inria-00073135/file/RR-3548.pdf},
  HAL_ID = {inria-00073135},
  HAL_VERSION = {v1},
}


@phdthesis{lambda-set-altenkrich,
  TITLE = {{Constructions, Inductive Types and Strong Normalization}},
  AUTHOR = {Altenkrich, Thorsten},
  URL = {https://www.cs.nott.ac.uk/~psztxa/publ/phd93.pdf},
  SCHOOL = {{University of Edinbrugh}},
  YEAR = {1993},
  TYPE = {Theses},
  PDF = {https://www.cs.nott.ac.uk/~psztxa/publ/phd93.pdf}
}

@article{rooster,
  author    = {Hugo Herbelin and Arnaud Spiwack},
  title     = {The Rooster and the Syntactic Bracket},
  journal   = {CoRR},
  volume    = {abs/1309.5767},
  year      = {2013},
  url       = {http://arxiv.org/abs/1309.5767},
  archivePrefix = {arXiv},
  eprint    = {1309.5767},
  timestamp = {Mon, 13 Aug 2018 16:47:01 +0200},
  biburl    = {https://dblp.org/rec/journals/corr/HerbelinS13.bib},
  bibsource = {dblp computer science bibliography, https://dblp.org}
}

@article{aczel-ind-intro,
  title={An Introduction to Inductive Definitions},
  author={Peter Aczel},
  journal={Studies in logic and the foundations of mathematics},
  year={1977},
  volume={90},
  pages={739-782}
}

@inproceedings{aczel-trace,
  title={On Relating Type Theories and Set Theories},
  author={P. Aczel},
  booktitle={TYPES},
  year={1998}
}

@article{lee-werner-cic-pi-model,
  title={Proof-irrelevant model of CC with predicative induction and judgmental equality},
  author={Gyesik Lee and Benjamin Werner},
  journal={Log. Methods Comput. Sci.},
  year={2011},
  volume={7}
}

@article{pcuic,
  author    = {Amin Timany and
               Matthieu Sozeau},
  title     = {Consistency of the Predicative Calculus of Cumulative Inductive Constructions
               (pCuIC)},
  journal   = {CoRR},
  volume    = {abs/1710.03912},
  year      = {2017},
  url       = {http://arxiv.org/abs/1710.03912},
  archivePrefix = {arXiv},
  eprint    = {1710.03912},
  timestamp = {Mon, 13 Aug 2018 16:48:40 +0200},
  biburl    = {https://dblp.org/rec/journals/corr/abs-1710-03912.bib},
  bibsource = {dblp computer science bibliography, https://dblp.org}
}

@book{clrs,
  title       = {Difference Constraints and Shortest Paths},
  booktitle   = {Introduction to Algorithms},
  author      = {Cormen, Thomas H. and Leiserson, Charles E. and Rivest, Ronald L. and Stein, Clifford},
  publisher   = {The MIT Press},
  address     = {Cambridge, MA},
  isbn        = {9780262033848},
  pages       = {664--670},
  year        = {2009}
}

@inbook{drake-chapt-4,
  title={Set Theory: An Introduction to Large Cardinals},
  author={Drake, F.R. and Beklemishev, L.D.},
  isbn={9780444105356},
  lccn={lc75305311},
  series={Studies in logic and the foundations of mathematics},
  year={1974},
  publisher={North-Holland Publishing Company},
  chapter={4},
  pages={107--125}
}

@inproceedings{not-so-simple-cc,
author = {Miquel, Alexandre and Werner, Benjamin},
year = {2002},
month = {04},
pages = {240-258},
title = {The Not So Simple Proof-Irrelevant Model of CC},
isbn = {978-3-540-14031-3},
doi = {10.1007/3-540-39185-1_14}
}

@misc{chan2020practical,
      title={Practical Sized Typing for Coq},
      author={Jonathan Chan and William J. Bowman},
      year={2020},
      eprint={1912.05601},
      archivePrefix={arXiv},
      primaryClass={cs.PL}
}

@article{cac,
  author    = {Fr{\'{e}}d{\'{e}}ric Blanqui},
  title     = {Type theory and rewriting},
  journal   = {CoRR},
  volume    = {abs/cs/0610068},
  year      = {2006},
  url       = {http://arxiv.org/abs/cs/0610068},
  archivePrefix = {arXiv},
  eprint    = {cs/0610068},
  timestamp = {Mon, 13 Aug 2018 16:48:04 +0200},
  biburl    = {https://dblp.org/rec/journals/corr/abs-cs-0610068.bib},
  bibsource = {dblp computer science bibliography, https://dblp.org}
}

@article{cc-kripke-sn,
author = {Coquand, Thierry and Gallier, Jean and Cedex, Le},
year = {1999},
month = {04},
pages = {},
title = {A Proof of Strong Normalization For the Theory of Constructions Using a Kripke-Like Interpretation}
}

@article{universes,
	title = {Type checking with universes},
	volume = {89},
	issn = {03043975},
	doi = {10.1016/0304-3975(90)90108-T},
	language = {en},
	number = {1},
	journal = {Theoretical Computer Science},
	author = {Harper, Robert and Pollack, Robert},
	month = oct,
	year = {1991},
	pages = {107--136},
}
